@book{womak:learning-chaos,
    author  = {Russ Miles},
    title   = {Learning Chaos Engineering},
    publisher = {O'Reilly Media, Inc.},
    year    = {2019}
}
@book{womak:chaos-engine,
    author  = {Casey Rosenthal},
    title   = {Chaos Engineering},
    publisher = {O'Reilly Media, Inc.},
    year    = {2017}
}
@book{womak:chaos-engineering2,
    author  = {Casey Rosenthal},
    title   = {Chaos Engineering},
    publisher = {O'Reilly Media, Inc.},
    year    = {2020}
}
@book{womak:chaos-observability,
    author  = {Russ Miles},
    title   = {Chaos Engineering Observability},
    publisher = {O'Reilly Media, Inc.},
    year    = {2019}
}

@online{site:gremlin,
    title   = {Gremlin},
    url     = {https://www.gremlin.com/community/tutorials/}
}
@online{site:chao-medium-1,
    title   = {Chaos Engineering part 1 - Medium},
    url     = {https://medium.com/@adhorn/chaos-engineering-ab0cc9fbd12a}
}

@online{site:chaos-medium-2,
    title   = {Chaos Engineering part 2 - Medium},
    url     = {https://medium.com/@adhorn/chaos-engineering-part-2-b9c78a9f3dde}
}
@online{site:netflix-tech,
    title   = {Netflix Techblog - Medium},
    url     = {https://netflixtechblog.com/}
}

@online{site:instruments-github,
    title   = {Lista di strumenti per la Chaos Engineering},
    url     = {https://github.com/dastergon/awesome-chaos-engineering}
}

@online{site:NOSS,
    title   = {Netflix Open Source Software Center},
    url     = {https://netflix.github.io/}
}

@online{site:video-vimeo,
    title   = {Conferenza Netflix - Chaos Engineering},
    url     = {https://vimeo.com/groups/jz2016/videos/181925286}
}

@online{site:video-youtube,
    title   = {Conferenza AWS - Chaos Engineering},
    url     = {https://youtu.be/zoz0ZjfrQ9s}
}

@online{site:simian-army-github,
    title   = {Simian Army Repository - Github},
    url     = {https://github.com/Netflix/SimianArmys}
}

@online{site:go-wrk-github,
    title   = {go-wrk tool - github},
    url     = {https://github.com/wg/wrk}
}

@online{site:chaos-azure,
    title   = {La Chaos Engineering di Azure - Microsot},
    url     = {https://azure.microsoft.com/it-it/blog/inside-azure-search-chaos-engineering/}
}
